@misc{Wells,
    author = {Wells, S.},
    title = {Notes \& Workbook 2017-2018},
    issue_date = {September 2017},
    month = {November},
    year = {2017},
    url = {https://www.dropbox.com/s/k41vw5a49y64nt7/workbook.pdf?dl=1},
    keywords = {Python, Flask, Workbook, HTML, CSS},
} 

@misc{Color,
    title = {Coolors},
    month = {November},
    year = {2017},
    url = {https://coolors.co/f6fedb-e6d3a3-d8d174-b6c454-91972a},
    keywords = {Colour, Scheme, Complementary},
} 

@misc{Bootstrap,
    title = {Bootstrap},
    month = {November},
    year = {2017},
    url = {https://getbootstrap.com/docs/3.3/components/},
    keywords = {Bootstrap, CSS, Styling, Layout},
} 

@misc{Unsplash,
    title = {Unsplash},
    month = {November},
    year = {2017},
    url = {https://unsplash.com/},
    keywords = {High Quality, Images, Baking, Recipes, Cooking},
} 

@misc{Facebook,
    title = {Westhill Bike Club Facebook Group},
    month = {November},
    year = {2017},
    url = {https://www.facebook.com/Westhill-Bike-Club-166222613434950/},
    keywords = {Facebook, Group, Cycling, Club},
} 

@misc{SQLAlchemy,
    title = {SQLAlchemy Documentation},
    month = {November},
    year = {2017},
    url = {http://flask-sqlalchemy.pocoo.org/2.3/},
    keywords = {SQLAlchemy, Flask, Documentation},
} 

@misc{wtfform,
    title = {wtf-forms},
    month = {November},
    year = {2017},
    url = {https://flask-wtf.readthedocs.io/en/stable//},
    keywords = {wtfform, Flask, Documentation},
} 

@misc{mail,
    title = {Flask\_Mail},
    month = {November},
    year = {2017},
    url = {https://pythonhosted.org/Flask-Mail/},
    keywords = {mail, Flask, Documentation},
} 

@misc{login,
    title = {Flask_Login},
    month = {November},
    year = {2017},
    url = {https://flask-login.readthedocs.io/en/latest/},
    keywords = {login, Flask, Documentation},
} 

